<collection xmlns="http://www.loc.gov/MARC21/slim"><record><leader>00846nam  2200253   450</leader><controlfield tag="001">373</controlfield><controlfield tag="003">http://montalegre.opacnet.com/OPAC/default.aspx?ContentAreaControl=ShowRegHoldings.ascx&amp;RegNo=16662</controlfield><datafield tag="010" ind1=" " ind2=" "><subfield code="a">972-1-05496-8</subfield></datafield><datafield tag="021" ind1=" " ind2=" "><subfield code="a">PT</subfield><subfield code="b">221136/05</subfield></datafield><datafield tag="100" ind1=" " ind2=" "><subfield code="a">20061013d2005----m  y0pory0103    ba</subfield></datafield><datafield tag="101" ind1="1" ind2=" "><subfield code="a">por</subfield><subfield code="c">spa</subfield></datafield><datafield tag="102" ind1=" " ind2=" "><subfield code="a">PT</subfield></datafield><datafield tag="200" ind1="1" ind2=" "><subfield code="a">&lt;O &gt;segredo de Mona Lisa</subfield><subfield code="f">Dolores García</subfield><subfield code="g">tradução de Maria João Freire de Andrade</subfield></datafield><datafield tag="205" ind1=" " ind2=" "><subfield code="a">1ª ed</subfield></datafield><datafield tag="210" ind1=" " ind2=" "><subfield code="a">Mem Martins</subfield><subfield code="c">Europa-América</subfield><subfield code="d">2005</subfield></datafield><datafield tag="215" ind1=" " ind2=" "><subfield code="a">450,[4] p.</subfield><subfield code="d">23 cm</subfield></datafield><datafield tag="225" ind1="0" ind2=" "><subfield code="a">Contemporânea</subfield><subfield code="v">109</subfield></datafield><datafield tag="304" ind1=" " ind2=" "><subfield code="a">Tit. Orig.: El secreto de Monna Lisa</subfield></datafield><datafield tag="608" ind1=" " ind2=" "><subfield code="a">Romance</subfield></datafield><datafield tag="675" ind1=" " ind2=" "><subfield code="a">821.134.2</subfield></datafield><datafield tag="700" ind1=" " ind2="1"><subfield code="a">García</subfield><subfield code="b">Dolores</subfield><subfield code="f">1964</subfield></datafield><datafield tag="702" ind1=" " ind2="1"><subfield code="a">Andrade</subfield><subfield code="b">Maria João Freire de</subfield><subfield code="4">730</subfield></datafield><datafield tag="801" ind1=" " ind2="0"><subfield code="a">PT</subfield><subfield code="b">Biblioteca Municipal de Montalegre</subfield><subfield code="g">RPC</subfield></datafield><datafield tag="856" ind1=" " ind2=" "><subfield code="u">locateMedia.asp?cod=20060512113522&amp;ext=jpg</subfield><subfield code="z">CAPA</subfield></datafield><datafield tag="909" ind1="&#9;" ind2=" "><subfield code="a">1</subfield></datafield><datafield tag="966" ind1=" " ind2=" "><subfield code="a">0016267</subfield><subfield code="l">BMM</subfield><subfield code="s">SCG 821.134.2(7/8) GAR seg 109</subfield></datafield></record></collection>